@article{article,
author = {Radford, Alec and Metz, Luke and Chintala, Soumith},
year = {2015},
month = {11},
pages = {},
title = {Unsupervised Representation Learning with Deep Convolutional Generative Adversarial Networks}
}

@inproceedings{NIPS2014_5ca3e9b1,
 author = {Goodfellow, Ian and Pouget-Abadie, Jean and Mirza, Mehdi and Xu, Bing and Warde-Farley, David and Ozair, Sherjil and Courville, Aaron and Bengio, Yoshua},
 booktitle = {Advances in Neural Information Processing Systems},
 editor = {Z. Ghahramani and M. Welling and C. Cortes and N. Lawrence and K. Q. Weinberger},
 pages = {},
 publisher = {Curran Associates, Inc.},
 title = {Generative Adversarial Nets},
 url = {https://proceedings.neurips.cc/paper/2014/file/5ca3e9b122f61f8f06494c97b1afccf3-Paper.pdf},
 volume = {27},
 year = {2014}
}

@misc{arjovsky2017wasserstein,
      title={Wasserstein GAN}, 
      author={Martin Arjovsky and Soumith Chintala and LÃ©on Bottou},
      year={2017},
      eprint={1701.07875},
      archivePrefix={arXiv},
      primaryClass={stat.ML}
}

@article{DBLP:journals/corr/abs-1802-05957,
  author    = {Takeru Miyato and
               Toshiki Kataoka and
               Masanori Koyama and
               Yuichi Yoshida},
  title     = {Spectral Normalization for Generative Adversarial Networks},
  journal   = {CoRR},
  volume    = {abs/1802.05957},
  year      = {2018},
  url       = {http://arxiv.org/abs/1802.05957},
  archivePrefix = {arXiv},
  eprint    = {1802.05957},
  timestamp = {Mon, 13 Aug 2018 16:48:15 +0200},
  biburl    = {https://dblp.org/rec/journals/corr/abs-1802-05957.bib},
  bibsource = {dblp computer science bibliography, https://dblp.org}
}